%
% eupnea_sigh.bib
%


@incollection{TabakRinzel05,
  title={Bursting in excitatory neural networks},
  author={Tabak, Jo{\"e}l and Rinzel, John},
  booktitle={Bursting: The genesis of rhythm in the nervous system},
  pages={273--301},
  year={2005},
  publisher={World Scientific}
}

@article{TabakEtal00,
  title={Modeling of spontaneous activity in developing spinal cord using activity-dependent depression in an excitatory network},
  author={Tabak, Jo{\"e}l and Senn, Walter and O'Donovan, Michael J and Rinzel, John},
  journal={Journal of Neuroscience},
  volume={20},
  number={8},
  pages={3041--3056},
  year={2000},
  publisher={Soc Neuroscience}
}

@article{TabakEtal01,
  title={The role of activity-dependent network depression in the expression and self-regulation of spontaneous activity in the developing spinal cord},
  author={Tabak, Jo{\"e}l and Rinzel, John and O'Donovan, Michael J},
  journal={Journal of Neuroscience},
  volume={21},
  number={22},
  pages={8966--8978},
  year={2001},
  publisher={Soc Neuroscience}
}


